@article{turing1990chemical,
  title={The chemical basis of morphogenesis},
  author={Turing, Alan Mathison},
  journal={Bulletin of mathematical biology},
  volume={52},
  number={1-2},
  pages={153--197},
  year={1990},
  publisher={Springer}
}

@article{schnakenberg1979simple,
  title={Simple chemical reaction systems with limit cycle behaviour},
  author={Schnakenberg, J},
  journal={Journal of theoretical biology},
  volume={81},
  number={3},
  pages={389--400},
  year={1979},
  publisher={Elsevier}
}

@article{patternformation,
  title={Mathematical Ecology and Biology Special Topic, Pattern formation in reaction-diffusion systems : bifurcation analysis of the Turing instability},
  author={Levitt, Antoine},
  journal={Journal of theoretical biology}
}